<?xml version="1.0" encoding="UTF-8"?><record xmlns="info:lc/xmlns/marcxchange-v1" xsi:schemaLocation="http://www.loc.gov/standards/iso25577/marcxchange-1-1.xsd" xmlns:xsi="http://www.w3.org/2001/XMLSchema-instance">
    <leader>00000n    2200000   4500</leader>
    <datafield tag="001" ind1="0" ind2="0">
        <subfield code="a">53514316</subfield>
        <subfield code="b">191919</subfield>
        <subfield code="c">20201213162734</subfield>
        <subfield code="d">20170926</subfield>
        <subfield code="f">a</subfield>
    </datafield>
    <datafield tag="004" ind1="0" ind2="0">
        <subfield code="r">n</subfield>
        <subfield code="a">h</subfield>
    </datafield>
    <datafield tag="008" ind1="0" ind2="0">
        <subfield code="b">dk</subfield>
        <subfield code="d">x</subfield>
        <subfield code="j">j</subfield>
        <subfield code="l">dan</subfield>
        <subfield code="v">0</subfield>
    </datafield>
    <datafield tag="009" ind1="0" ind2="0">
        <subfield code="a">a</subfield>
        <subfield code="g">xx</subfield>
    </datafield>
    <datafield tag="041" ind1="0" ind2="0">
        <subfield code="a">dan</subfield>
        <subfield code="c">non</subfield>
    </datafield>
    <datafield tag="245" ind1="0" ind2="0">
        <subfield code="a">Islændingesagaerne</subfield>
        <subfield code="ø">Et udvalg i ny oversættelse</subfield>
    </datafield>
    <datafield tag="260" ind1="0" ind2="0">
        <subfield code="&amp;">1</subfield>
        <subfield code="a">[Kbh.]</subfield>
        <subfield code="b">Gyldendal</subfield>
        <subfield code="c">2017-</subfield>
    </datafield>
    <datafield tag="300" ind1="0" ind2="0">
        <subfield code="a">bind</subfield>
        <subfield code="b">ill.</subfield>
    </datafield>
    <datafield tag="502" ind1="0" ind2="0">
        <subfield code="a">Oversat fra oldislandsk</subfield>
    </datafield>
    <datafield tag="504" ind1="0" ind2="0">
        <subfield code="&amp;">1</subfield>
        <subfield code="a">Sagaerne kredser om hårdkogte, ærekære, men også følsomme helte, og deres blodige fejder om ære, kærlighed og magt</subfield>
    </datafield>
    <datafield tag="512" ind1="0" ind2="0">
        <subfield code="a">I kolofonen: Et udvalg i ny oversættelse, dette er et udvalg af "Islændingesagaerne. Samtlige sagaer og niogfyrre totter"</subfield>
    </datafield>
    <datafield tag="652" ind1="0" ind2="0">
        <subfield code="n">85.2</subfield>
        <subfield code="z">24</subfield>
    </datafield>
    <datafield tag="652" ind1="0" ind2="0">
        <subfield code="o">85.21</subfield>
    </datafield>
    <datafield tag="666" ind1="0" ind2="0">
        <subfield code="0"/>
        <subfield code="o">sagaer</subfield>
    </datafield>
    <datafield tag="666" ind1="0" ind2="0">
        <subfield code="0"/>
        <subfield code="s">vikingetiden</subfield>
    </datafield>
    <datafield tag="666" ind1="0" ind2="0">
        <subfield code="0"/>
        <subfield code="s">middelalderen</subfield>
    </datafield>
    <datafield tag="666" ind1="0" ind2="0">
        <subfield code="0"/>
        <subfield code="q">Island</subfield>
    </datafield>
    <datafield tag="666" ind1="0" ind2="0">
        <subfield code="0"/>
        <subfield code="i">900-999</subfield>
    </datafield>
    <datafield tag="666" ind1="0" ind2="0">
        <subfield code="0"/>
        <subfield code="i">1000-1099</subfield>
    </datafield>
    <datafield tag="700" ind1="0" ind2="0">
        <subfield code="a">Lassen</subfield>
        <subfield code="h">Annette</subfield>
        <subfield code="4">edt</subfield>
    </datafield>
    <datafield tag="996" ind1="0" ind2="0">
        <subfield code="a">DBC</subfield>
    </datafield>
    <datafield tag="d08" ind1="0" ind2="0">
        <subfield code="o">eko</subfield>
        <subfield code="k">osh</subfield>
        <subfield code="r">jaw</subfield>
        <subfield code="a">512 rettet, 300b tilf.</subfield>
    </datafield>
    <datafield tag="d08" ind1="0" ind2="0">
        <subfield code="a">masserettelse af genrer fra 666s til 666o, dec 2020</subfield>
    </datafield>
    <datafield tag="z98" ind1="0" ind2="0">
        <subfield code="a">Minus korrekturprint</subfield>
    </datafield>
    <datafield tag="z99" ind1="0" ind2="0">
        <subfield code="a">jaw</subfield>
    </datafield>
</record>
